@inproceedings{		  ford:rfc6824,
  author	= {A. Ford and C. Raiciu and M. Handley and O. Bonaventure},
  note		= {RFC 1546},
  title		= {{TCP Extensions for Multipath Operation with Multiple
		  Addresses}},
  year		= 2013
}

@article{peng:ton2016,
	Author = {Qiuyu Peng and Anwar Walid and Jaehyun Hwang and Steven H. Low},
	Journal = {IEEE/ACM Transactions on Networking},
	Number = {1},
	Title = {{Multipath TCP: Analysis, Design, and Implementation}},
	Volume = {24},
	Year = {2016}
	}

@article{khalili:ton2013,
	Author = {Ramin Khalili and Nicolas Gast and Miroslav Popovic and Jean-Yves Le Boudec},
	Journal = {IEEE/ACM Transactions on Networking},
	Number = {5},
	Title = {{MPTCP Is Not Pareto-Optimal: Performance Issues and a Possible Solution}},
	Volume = {21},
	Year = {2013}
	}

@inproceedings{raiciu:rfc6356,
	Author = {Costin Raiciu and Mark Handley and Damon Wischik},
	Note = {{RFC 6356}},
	Title = {{Coupled Congestion Control for Multipath Transport Protocols}},
	Year = {2011}
}
	
@inproceedings {raiciu:nsdi2012,
author = {Costin Raiciu and Christoph Paasch and Sebastien Barre and Alan Ford and Michio Honda and Fabien Duchene and Olivier Bonaventure and Mark Handley},
title = {How Hard Can It Be? Designing and Implementing a Deployable Multipath {TCP}},
booktitle = {Proc. of 9th {USENIX} Symposium on Networked Systems Design and Implementation ({NSDI})},
year = {2012}
}

@InProceedings{	  ferlin:globecom2014,
  author	= {Simone Ferlin and Thomas Dreibholz and {\"O}zgu Alay},
  booktitle	= {{Proc. of IEEE Global Telecommunications Conference
		  (GLOBECOM)}},
  title		= {{Multi-Path Transport Over Heterogeneous Wireless
		  Networks: Does It Really Pay Off?}},
  year		= {2014}
}

@InProceedings{	  chen:imc2013,
  author	= {Yung-Chih Chen and Yeon-sup Lim and Richard J. Gibbens and
		  Erich M. Nahum and Ramin Khalili and Don Towsley},
  booktitle	= {{Proc. of ACM Internet Measurement Conference (IMC)}},
  title		= {{A Measurement-based Study of MultiPath TCP Performance
		  over Wireless Networks}},
  year		= {2013}
}

@InProceedings{	  deng:imc2014,
  author	= {Shuo Deng and Ravi Netravali and Anirudh Sivaraman and
		  Hari Balakrishnan},
  booktitle	= {{Proc. of ACM Internet Measurement Conference (IMC)}},
  title		= {{WiFi, LTE, or Both? Measuring Multi-Homed Wireless
		  Internet Performance}},
  year		= {2014}
}

@InProceedings{saha:mobiwac2017,
  author	= {Swetank Kumar Saha and Abhishek Kannan and Geunhyung Lee and Nishant Ravichandran and Parag Kamalakar Medhe and Naved Merchant and Dimitrios Koutsonikolas},
  title		= {{Multipath TCP in Smartphones: Impact on Performance, Energy, and CPU Utilization}},
  booktitle	= {{Proc. of ACM MobiWac}},
  year		= {2017}
}

@InProceedings{	  nikravesh:mobicom2016,
  author	= {Ashkan Nikravesh and Yihua Guo and Feng Qian and Z. Morley
		  Mao and Subhabrata Sen},
  booktitle	= {{Proc. of ACM MobiCom}},
  title		= {{An In-depth Understanding of Multipath TCP on Mobile
		  Devices: Measurement and System Design}},
  year		= {2016}
}

@InProceedings{	  paasch:cellnet2012,
  author	= {Christoph Paasch and Gregory Detal and Fabien Duchene and
		  Costin Raiciu and Olivier Bonaventure},
  booktitle	= {Proc. of ACM CellNet},
  title		= {{Exploring Mobile/WiFi Handover with Multipath TCP}},
  year		= 2012
}

@InProceedings{	  paasch:conext2013,
  author	= {Christoph Paasch and Ramin Khalili and Olivier
		  Bonaventure},
  booktitle	= {{Proc. of ACM CoNEXT}},
  title		= {{On the Benefits of Applying Experimental Design to
		  Improve Multipath TCP}},
  year		= {2013}
}

@InProceedings{paasch:csws2014,
  author	= {Christoph Paasch and Simone Ferlin and {\"O}zgu Alay and
		  Olivier Bonaventure},
  booktitle	= {Proc. of ACM CSWS},
  title		= {{Experimental evaluation of multipath TCP schedulers}},
  year		= 2014
}

@InProceedings{	  qian:conext2015,
  author	= {Feng Qian and Bo Han and Shuai Hao and Lusheng Ji},
  booktitle	= {{Proc. of ACM CoNEXT}},
  title		= {{An Anatomy of Mobile Web Performance over Multipath
		  TCP}},
  year		= {2015}
}

@InProceedings{	  lim:infocom2014,
  author	= {Yeon-sup Lim and Yung-Chih Chen and Erich M. Nahum and
		  Donald F. Towsley and Kang-Won Lee},
  booktitle	= {Proc. of IEEE INFOCOM},
  title		= {{Cross-layer path management in multi-path transport protocol for mobile devices}},
  year		= {2014}
}

@InProceedings{lim:sigmetrics2017,
  author	= {Yeon-sup Lim and Erich M. Nahum and Don Towsley and Richard J. Gibbens},
  booktitle	= {Proc. of ACM SIGMETRICS},
  title		= {{ECF: An MPTCP Path Scheduler to Manage Heterogeneous Paths}},
  year		= {2017}
}

@InProceedings{shreedhar:networking2018,
  author	= {Tanya Shreedhar and Nitinder	Mohan and Sanji	K. Kaul and Jussi Kangasharju},
  booktitle	= {Proc. of IFIP Networking},
  title		= {{QAware: A Cross-Layer Approach to MPTCP Scheduling}},
  year		= {2018}
}

@InProceedings{kuhn:icc2014,
  author	= {Nicolas Kuhn and Emmanuel Lochin and Ahlem Mifdaoui and Golam Sarwar and Olivier Mehani and Roksana Boreli},
  booktitle	= {Proc. of IEEE ICC},
  title		= {{DAPS: Intelligent Delay-Aware Packet Scheduling For Multipath Transport}},
  year		= {2014}
}

@InProceedings{ferlin:networking2016,
  author	= {Simone Ferlin and Ozgu Alay and Olivier Mehani and Roksana Boreli},
  booktitle	= {Proc. of IFIP Networking},
  title		= {{BLEST: Blocking Estimation-based MPTCP Scheduler for Heterogeneous Networks}},
  year		= {2016}
}

@InProceedings{yang:icccn2013,
  author	= {Fan Yang and Paul Amer and Nasif Ekiz},
  booktitle	= {Proc. of ICCCN},
  title		= {{A Scheduler for Multipath TCP}},
  year		= {2013}
}

@InProceedings{yang:aina2014,
  author	= {Fan Yang and Qi Wang and Paul Amer},
  booktitle	= {Proc. of IEEE AINA workshops},
  title		= {{Out-of-Order Transmission for In-Order Arrival Scheduling for Multipath TCP}},
  year		= {2014}
}

@InProceedings{guo:mobicom2017,
  author	= {Yihua Ethan Guo and Ashkan Nikravesh and Z. Morley Mao and Feng Qian and Subhabrata Sen},
  booktitle	= {Proc. of ACM MobiCom},
  title		= {{Accelerating Multipath Transport Through Balanced Subflow Completion}},
  year		= {2017}
}

@InProceedings{han:conext2016,
  author	= {Bo Han and Feng Qian and Lusheng Ji and Vijay Gopalakrishnan},
  booktitle	= {Proc. of ACM CoNEXT},
  title		= {{MP-DASH: Adaptive Video Streaming Over Preference-Aware Multipath}},
  year		= {2016}
}

@InProceedings{corbillon:mmsys2016,
  author	= {Xavier Corbillon and Ramon Aparicio-Pardo and Nicolas Kuhn and GÃ©raldine Texier and Gwendal Simon},
  booktitle	= {Proc. of ACM MMSys},
  title		= {{Cross-layer scheduler for video streaming over MPTCP}},
  year		= {2016}
}

@InProceedings{baidya:icc2014,
  author	= {Sabur Hassan Baidya and Ravi Prakash},
  booktitle	= {Proc. of IEEE ICC},
  title		= {{Improving the performance of Multipath TCP over Heterogeneous Paths using Slow Path Adaptation}},
  year		= {2014}
}

@InProceedings{hwang:icufn2015,
  author	= {Jaehyun Hwang and Joon Yoo},
  booktitle	= {Proc. of IEEE ICUFN},
  title		= {{Packet Scheduling for Multipath TCP}},
  year		= {2015}
}

@InProceedings{cao:pimrc2015,
  author	= {Yuanlong Cao and Qinghua Liu and Guoliang Luo and Minghe Huang},
  booktitle	= {Proc. of IEEE PIMRC},
  title		= {{Receiver-driven multipath data scheduling strategy for in-order arriving in SCTP-based heterogeneous wireless networks}},
  year		= {2015}
}

@InProceedings{ni:icccn2014,
  author	= {Dan Ni and Kaiping Xue and Peilin Hong and Sean Shen},
  booktitle	= {Proc. of ICCCN},
  title		= {{Fine-grained Forward Prediction based Dynamic Packet Scheduling Mechanism for multipath TCP in lossy networks}},
  year		= {2014}
}

@InProceedings{ni:icc2015,
  author	= {Dan Ni and Kaiping Xue and Peilin Hong and Hong Zhang and Hao Lu},
  booktitle	= {Proc. of IEEE ICC},
  title		= {{OCPS: Offset Compensation based Packet Scheduling mechanism for multipath TCP}},
  year		= {2015}
}

@Article{	  coninck:commagazine2016,
  author	= {Quentin De Coninck and Matthieu Baerts and Benjamin
		  Hesmans and Olivier Bonaventure},
  journal	= {{IEEE Communications Magazine, Network Testing Series,}},
  month		= {March},
  number	= {3},
  pages		= {88-93},
  title		= {{Observing Real Smartphone Applications over Multipath
		  TCP}},
  volume	= {54},
  year		= {2016}
}

@InProceedings{	  coninck:mobicom2015,
  author	= {Quentin De Coninck and Matthieu Baerts and Benjamin
		  Hesmans and Olivier Bonaventure},
  booktitle	= {{Proc. of ACM MobiCom}},
  title		= {{Poster: Evaluating Android Applications with Multipath
		  TCP}},
  year		= {2015}
}

@InProceedings{	  coninck:pam2016,
  author	= {Quentin De Coninck and Matthieu Baerts and Benjamin
		  Hesmans and Olivier Bonaventure},
  booktitle	= {{Proc. of Passive and Active Measurement Conference
		  (PAM)}},
  title		= {{A First Analysis of Multipath TCP on Smartphones}},
  year		= {2016}
}

@INPROCEEDINGS{nitsche:infocom2015,
title={{Steering with Eyes Closed: mm-Wave Beam Steering without In-Band Measurement}},
author={Thomas Nitsche and Adriana B. Flores and Edward W. Knightly and Joerg Widmer},
booktitle={Proc. of IEEE INFOCOM},
year={2015}
}

@inproceedings{haider:mobihoc2016,
 author = {Muhammad Kumail Haider and Edward W. Knightly},
 title = {{Mobility Resilience and Overhead Constrained Adaptation in Directional 60 GHz WLANs: Protocol Design and System Implementation}},
 booktitle = {Proc. of ACM MobiHoc},
 year = {2016}
}

@inproceedings{sur:nsdi2016,
 author = {Sanjib Sur and Xinyu Zhang and Parameswaran Ramanathan and Ranveer Chandra},
 title = {{BeamSpy: Enabling Robust 60 GHz Links Under Blockage}},
 booktitle = {{Proc. of USENIX NSDI}},
 year = {2016}
}

@InProceedings{	  zhou:infocom2017,
  author	= {Anfu Zhou and Xinyu Zhang and Huadong Ma},
  booktitle	= {Proc. of IEEE INFOCOM},
  title		= {{Beam-forecast: Facilitating Mobile 60 GHz Networks via
		  Model-driven Beam Steering}},
  year		= {2017}
}

@inproceedings{qca11ad,
  author = {Qualcomm},
  title = {{Qualcomm Technologies' Tri-Band Solution}},
  howpublished = {\url{https://www.qualcomm.com/products/features/80211ad}},
  year = {2017}
}

@inproceedings{intel11ad,
  Title = {{Intel Tri-Band Wireless-AC 18265}},
  Url = {https://www.intel.com/content/www/us/en/wireless-products/tri-band-wireless-ac-18265.html}
} 

@inproceedings{netgear-x10,
  Title = {Netgear Nighthawk X10 Smart WiFi Router},
  Url = {https://www.netgear.com/landings/ad7200/}
}

@inproceedings{talon,
  Title = {TP-Link Talon AD7200 Multi-Band Wi-Fi Router},
  Url = {http://www.tp-link.com/us/products/details/cat-5506_AD7200.html}
}

@inproceedings{acer-11ad,
  Title = {Acer TravelMate P446-M},
  Url = {https://www.acer.com/ac/en/US/content/professional-series/travelmatep4}
}

@inproceedings{lede,
  Title = {LEDE Project},
  Url = {https://lede-project.org/}
}

@Article{	  80211ad,
  author	= {{{IEEE} 802.11 Working Group}},
  title		= {{IEEE 802.11ad, Amendment 3: Enhancements for Very High
		  Throughput in the 60 GHz Band}},
  year		= {2012}
}

@inproceedings{sur:mobicom2017,
	Author = {Sanjib Sur and Ioannis Pefkianakis and Xinyu Zhang and Kyu-Han Kim},
	Booktitle = {{Proc. of ACM MobiCom}},
	Title = {{WiFi-Assisted 60 GHz Wireless Networks}},
	Year = {2017}}

@inproceedings{polese:5g2017,
	Author = {Michele Polese and Rittwik Jana and Michele Zorzi},
	Booktitle = {{Proc. of IEEE Workshop on 5G New Radio Technologies}},
	Title = {{TCP in 5G mmWave Networks: Link Level Retransmissions and MP-TCP}},
	Year = {2017}
}

@InProceedings{nguyen:vtc2017,
  author	= {Kien Nguyen and Mirza Golam Kibria and Kentaro Ishizu and Fumihide Kojima},
  booktitle	= {{Proc. of IEEE Vehicular Technology Conference Fall
		  (VTC-Fall)}},
  title		= {{Feasibility Study of Providing Backward Compatibility with MPTCP to WiGig/IEEE 802.11ad}},
  year		= {2017}
}

@inproceedings{saha:mobicomposter2017,
	Author = {Swetank Kumar Saha and Roshan Shyamsunder and Naveen Muralidhar Prakash and Hany Assasa and Adrian Loch and Dimitrios Koutsonikolas and Joerg Widmer},
	Booktitle = {{Proc. of ACM MobiCom}},
	Title = {{Poster: Can MPTCP Improve Performance for Dual-Band 60 GHz/5 GHz Clients?}},
	Year = {2017}}

@inproceedings{asus_802.11ad,
author = {Qualcomm Technologies},
  title = {{New ASUS ZenFone 4 Pro is first with Gigabit LTE and multi-gigabit 802.11ad Wi-Fi}},
  howpublished = {\url{https://www.qualcomm.com/news/onq/2017/09/21/new-asus-zenfone-4-pro-first-gigabit-lte-and-multi-gigabit-80211ad-wi-fi}},
  year = {2017}
}

@inproceedings{peraso_802.11ad,
author = {Peraso Technologies},
  title = {{Peraso Launches 802.11ad Reference Design for Smartphone Applications}},
  howpublished = {\url{https://www.prnewswire.com/news-releases/peraso-launches-80211ad-reference-design-for-smartphone-applications-300409463.html}},
  year = {2017}
}

